<record><leader>00000cas a22000007a 4500</leader><controlfield tag="001">13651440</controlfield><controlfield tag="008">860528d18591859wiuwr ne      0    0eng d</controlfield><datafield ind1=" " ind2=" " tag="010"><subfield code="a">sn 86086232 </subfield></datafield><datafield ind1=" " ind2=" " tag="040"><subfield code="a">NPV</subfield><subfield code="b">eng</subfield><subfield code="c">NPV</subfield><subfield code="d">OCLCQ</subfield></datafield><datafield ind1=" " ind2=" " tag="042"><subfield code="a">msc</subfield></datafield><datafield ind1=" " ind2=" " tag="045"><subfield code="a">w5w5</subfield></datafield><datafield ind1=" " ind2=" " tag="052"><subfield code="a">4123</subfield><subfield code="b">K5</subfield></datafield><datafield ind1="0" ind2="0" tag="245"><subfield code="a">Kewaunee enterprize.</subfield></datafield><datafield ind1=" " ind2=" " tag="260"><subfield code="a">Kewaunee, Wis. :</subfield><subfield code="b">D.D. Garland,</subfield><subfield code="c">1859-1859.</subfield></datafield><datafield ind1=" " ind2=" " tag="300"><subfield code="a">1 v.</subfield></datafield><datafield ind1=" " ind2=" " tag="310"><subfield code="a">Weekly</subfield></datafield><datafield ind1="0" ind2=" " tag="362"><subfield code="a">Vol. 1, no. 1 (June 22, 1859)-v. 1, no. 18 (Oct. 19, 1859).</subfield></datafield><datafield ind1=" " ind2=" " tag="525"><subfield code="a">Supplements accompany some issues.</subfield></datafield><datafield ind1=" " ind2=" " tag="530"><subfield code="a">Available on microfilm from The State Historical Society of Wisconsin.</subfield></datafield><datafield ind1=" " ind2=" " tag="752"><subfield code="a">United States</subfield><subfield code="b">Wisconsin</subfield><subfield code="c">Kewaunee</subfield><subfield code="d">Kewaunee.</subfield></datafield><datafield ind1="0" ind2="0" tag="785"><subfield code="t">Kewaunee County enterprize</subfield><subfield code="w">(DLC)sn 86086233</subfield></datafield></record>